<?xml version="1.0" encoding="UTF-8" ?>
<collection xmlns:xsi="http://www.w3.org/2001/XMLSchema-instance"
    xsi:schemaLocation="http://www.loc.gov/MARC21/slim
        http://www.loc.gov/standards/marcxml/schema/MARC21slim.xsd"
    xmlns="http://www.loc.gov/MARC21/slim">
<record>
  <leader>00217cam a2200397 i 4500</leader>
  <controlfield tag="001">b12527269</controlfield>
  <controlfield tag="003">LeBAU</controlfield>
  <controlfield tag="005">20200601</controlfield>
  <controlfield tag="008">970719s1928    iq            ||0 0 ara d</controlfield>
  <datafield tag="035" ind1=" " ind2=" ">
    <subfield code="a">ocn784384796</subfield>
  </datafield>
  <datafield tag="040" ind1=" " ind2=" ">
    <subfield code="a">LEAUB</subfield>
    <subfield code="b">ara</subfield>
    <subfield code="e">rda</subfield>
    <subfield code="c">LEAUB</subfield>
    <subfield code="d">LEAUB</subfield>
  </datafield>
  <datafield tag="082" ind1="0" ind2="4">
    <subfield code="a">892.709</subfield>
    <subfield code="2">23</subfield>
  </datafield>
  <datafield tag="100" ind1="1" ind2=" ">
    <subfield code="6">880-01</subfield>
    <subfield code="a">Ruṣāfī, Maʻrūf,</subfield>
    <subfield code="d">1875-1945.</subfield>
    <subfield code="e">author.</subfield>
    <subfield code="0">http://id.loc.gov/authorities/names/n86052284 ,</subfield>
  </datafield>
  <datafield tag="245" ind1="1" ind2="0">
    <subfield code="6">880-02</subfield>
    <subfield code="a">Durūs fī tārīkh ādāb al-lughah al-ʻArabīyah /</subfield>
    <subfield code="c">min muḥāḍarāt al-ustādh Maʻrūf al-Ruṣāfī fī Dār al-Muʻallimīn al-ʻĀliyah.</subfield>
  </datafield>
  <datafield tag="264" ind1=" " ind2="1">
    <subfield code="6">880-03</subfield>
    <subfield code="a">[Baghdād?] :</subfield>
    <subfield code="b">[Maṭbaʻat al-Ādāb?],</subfield>
    <subfield code="c">1928.</subfield>
  </datafield>
  <datafield tag="300" ind1=" " ind2=" ">
    <subfield code="6">880-04</subfield>
    <subfield code="a">1 volume (96 pages) ;</subfield>
    <subfield code="c">24 cm</subfield>
  </datafield>
  <datafield tag="336" ind1=" " ind2=" ">
    <subfield code="a">text</subfield>
    <subfield code="b">txt</subfield>
    <subfield code="2">rdacontent</subfield>
  </datafield>
  <datafield tag="337" ind1=" " ind2=" ">
    <subfield code="a">unmediated</subfield>
    <subfield code="b">n</subfield>
    <subfield code="2">rdamedia</subfield>
  </datafield>
  <datafield tag="338" ind1=" " ind2=" ">
    <subfield code="a">volume</subfield>
    <subfield code="b">nc</subfield>
    <subfield code="2">rdacarrier</subfield>
  </datafield>
  <datafield tag="500" ind1=" " ind2=" ">
    <subfield code="a">"ملحق بمجلة التربية والتعليم."</subfield>
  </datafield>
  <datafield tag="500" ind1=" " ind2=" ">
    <subfield code="a">من المرجح انه لم يتم اصدار جزء آخر من الكتاب.</subfield>
  </datafield>
  <datafield tag="650" ind1=" " ind2="4">
    <subfield code="a">الادب العربي</subfield>
    <subfield code="x">تاريخ ونقد.</subfield>
  </datafield>
  <datafield tag="650" ind1=" " ind2="0">
    <subfield code="a">Arabic literature</subfield>
    <subfield code="x">History and criticism.</subfield>
  </datafield>
  <datafield tag="770" ind1="0" ind2=" ">
    <subfield code="6">880-05</subfield>
    <subfield code="i">is supplement to (work)</subfield>
    <subfield code="4">http://rdaregistry.info/Elements/w/P10154 :</subfield>
    <subfield code="t">Majallat al-tarbiyah wa-al-taʻlīm.</subfield>
    <subfield code="d">Bagdhād : Maṭbaʻt al-Ādāb, 1928-1931</subfield>
    <subfield code="w">(OCoLC)1034548856</subfield>
    <subfield code="w">(OCoLC)1034548856</subfield>
  </datafield>
  <datafield tag="775" ind1="0" ind2="8">
    <subfield code="6">880-06</subfield>
    <subfield code="i">has designation of edition</subfield>
    <subfield code="4">http://rdaregistry.info/Elements/m/P30133 :</subfield>
    <subfield code="a">Ruṣāfī, Maʻrūf, 1875-1945.</subfield>
    <subfield code="t">Durūs fī tārīkh ādāb al-lughah al-ʻArabīyah.</subfield>
    <subfield code="d">Baghdād : Maṭbaʻat al-Maʻārif, 1960</subfield>
    <subfield code="w">(OCoLC)784384793</subfield>
    <subfield code="w">(OCoLC)784384793</subfield>
  </datafield>
  <datafield tag="852" ind1=" " ind2=" ">
    <subfield code="a">Jafet Library</subfield>
    <subfield code="e">American University of Beirut, Bliss Street , Beirut, Lebanon.</subfield>
  </datafield>
  <datafield tag="880" ind1="1" ind2=" ">
    <subfield code="6">100-01/(3/r</subfield>
    <subfield code="a">الرصافي، معروف،</subfield>
    <subfield code="d">1875-1945،</subfield>
    <subfield code="0">http://id.loc.gov/authorities/names/n86052284 ,</subfield>
    <subfield code="e">مؤلف. </subfield>
    <subfield code="4">aut.</subfield>
  </datafield>
  <datafield tag="880" ind1="1" ind2="0">
    <subfield code="6">245-02/(3/r</subfield>
    <subfield code="a">دروس في تاريخ آداب اللغة العربية /</subfield>
    <subfield code="c">من محاضرات الأستاذ معروف الرصافي في دار المعلمين العالية.</subfield>
  </datafield>
  <datafield tag="880" ind1=" " ind2="1">
    <subfield code="6">264-03/(3/r</subfield>
    <subfield code="a">[بغداد؟] :</subfield>
    <subfield code="b">[مطبعة الآداب؟]،</subfield>
    <subfield code="c">1928.</subfield>
  </datafield>
  <datafield tag="880" ind1=" " ind2=" ">
    <subfield code="6">300-04/(3/r</subfield>
    <subfield code="a">1 جزء (96 صفحة) ؛</subfield>
    <subfield code="c">24 سم</subfield>
  </datafield>
  <datafield tag="880" ind1="0" ind2=" ">
    <subfield code="6">770-05/(3/r</subfield>
    <subfield code="i">ملحق لـ (عمل)</subfield>
    <subfield code="4">http://rdaregistry.info/Elements/w/P10154 :</subfield>
    <subfield code="t">مجلة التربية والتعليم.</subfield>
    <subfield code="d">بغداد : مطبعة الآداب، 1928-1931</subfield>
    <subfield code="w">(LEAUB)b12830318</subfield>
    <subfield code="w">(OCoLC)1034548856</subfield>
  </datafield>
  <datafield tag="880" ind1="0" ind2="8">
    <subfield code="6">775-06/(3/r</subfield>
    <subfield code="i">دلالة على الطبعة</subfield>
    <subfield code="4">http://rdaregistry.info/Elements/m/P30133 :</subfield>
    <subfield code="a">الرصافي، معروف، 1875-1945.</subfield>
    <subfield code="t">دروس في تاريخ آداب اللغة العربية.</subfield>
    <subfield code="d">بغداد : مطبعة المعارف، 1960</subfield>
    <subfield code="w">(LEAUB)b12527257</subfield>
    <subfield code="w">(OCoLC)784384793</subfield>
  </datafield>
  <datafield tag="907" ind1=" " ind2=" ">
    <subfield code="a">.b12527269</subfield>
    <subfield code="b">20-06-01</subfield>
    <subfield code="c">11-05-24</subfield>
  </datafield>
  <datafield tag="907" ind1=" " ind2=" ">
    <subfield code="a">.b12527269</subfield>
    <subfield code="b">15-10-15</subfield>
    <subfield code="c">11-05-24</subfield>
  </datafield>
  <datafield tag="945" ind1=" " ind2=" ">
    <subfield code="f">J</subfield>
    <subfield code="a">892.709:R949dA:v.1</subfield>
    <subfield code="i">01032483</subfield>
    <subfield code="j">.i1302730x</subfield>
    <subfield code="l">u0503</subfield>
  </datafield>
  <datafield tag="998" ind1=" " ind2=" ">
    <subfield code="a">u05</subfield>
    <subfield code="b">97-07-19</subfield>
    <subfield code="c">m</subfield>
    <subfield code="d">a  </subfield>
    <subfield code="e">-</subfield>
    <subfield code="f">ara</subfield>
    <subfield code="g">iq </subfield>
    <subfield code="h">0</subfield>
    <subfield code="i">1</subfield>
  </datafield>
</record>
</collection>
